<?xml version="1.0" encoding="UTF-8"?><collection xmlns="http://www.loc.gov/MARC21/slim"><record><leader>00486nam--2200145-i-4500</leader><controlfield tag="001">000020204</controlfield><controlfield tag="002">20161230</controlfield><controlfield tag="005">20161230201033</controlfield><controlfield tag="008">060222s1000------------r-----000-0-eng-d</controlfield><datafield ind1=" " ind2=" " tag="080"><subfield code="a">621.372.5</subfield></datafield><datafield ind1=" " ind2=" " tag="100"><subfield code="a">Feldtkeller, Richard</subfield></datafield><datafield ind1=" " ind2=" " tag="245"><subfield code="a">Einfuhrung in die vierpoltheorie der elektrischen nachrichtentechnik. 8 auflage. mit 150 abbildungen</subfield></datafield><datafield ind1=" " ind2=" " tag="260"><subfield code="a">Zurich, Hirzel, S. Verlag Stuttgart, 1962. Xi + 222 P</subfield></datafield><datafield ind1=" " ind2=" " tag="490"><subfield code="a">Monographien Der Elektrischen Nachrichtentechnik</subfield></datafield><datafield ind1=" " ind2=" " tag="852"><subfield code="a">10186</subfield></datafield></record></collection>